<?xml version="1.0" encoding="UTF-8"?><collection xmlns="http://www.loc.gov/MARC21/slim"><record><leader>00446nam--2200133-i-4500</leader><controlfield tag="001">000044346</controlfield><controlfield tag="002">20161230</controlfield><controlfield tag="005">20161230201044</controlfield><controlfield tag="008">060222s1000------------r-----000-0-eng-d</controlfield><datafield ind1=" " ind2=" " tag="080"><subfield code="a">518.5:015:62-52:681.14</subfield></datafield><datafield ind1=" " ind2=" " tag="100"><subfield code="a">Pun, Lucas</subfield></datafield><datafield ind1=" " ind2=" " tag="245"><subfield code="a">Contribution a l`etude des solutions des recurrences non lineaires exemples d`application a differents domaines de l`automatique. these</subfield></datafield><datafield ind1=" " ind2=" " tag="260"><subfield code="a">Toulouse, Univ.Paul Sabatier, 1971, 224p</subfield></datafield><datafield ind1=" " ind2=" " tag="852"><subfield code="a">38308</subfield></datafield></record></collection>